@book{humphrey1989managing,
	title={Managing the software process},
	author={Humphrey, Watts S},
	year={1989},
	publisher={Addison-Wesley Longman Publishing Co., Inc.}
}
@book{o2002practical,
	title={A practical approach to software quality},
	author={O'Regan, Gerard},
	year={2002},
	publisher={Springer Science \& Business Media}
}
@book{chrissis_2011,
	author={Chrissis, Mary Beth and Konrad, Michael and Shrum, Sandra},
	title={CMMI for Development: Guidelines for Process Integration and Product Improvement, 3rd Edition},
	month={Mar},
	year={2011},
	howpublished={Carnegie Mellon University, Software Engineering Institute's Digital Library},
	url={https://insights.sei.cmu.edu/library/cmmi-for-development-guidelines-for-process-integration-and-product-improvement-third-edition/},
	note={Accessed: 2024-Mar-15}
}
@online{SEI_2006,
	author = {Software Engineering Institute CMMI executive overview. Presentation by the SEI},
	title = {},
	organization = {SEI},
	year = {2006}
}
@online{FE95,
	author = {Fenton N},
	title = {Software metrics: a rigorous approach},
	organization = {Thompson Computer Press, London},
	year = {95}
}
@book{gilb_77,
	author = {Gilb, Tom},
	year = {1977},
	month = {01},
	title = {Software Metrics}
}
